<?xml version="1.0" encoding="UTF-8"?>

<marc21:record xmlns:marc21="http://www.loc.gov/MARC21/slim" xmlns:xsi="http://www.w3.org/2001/XMLSchema-instance" xsi:schemaLocation="http://www.loc.gov/MARC21/slim http://www.loc.gov/standards/marcxml/schema/MARC21slim.xsd">
  <marc21:leader>02365nam a2200661 a 4500</marc21:leader>
  <marc21:controlfield tag="001">000545491</marc21:controlfield>
  <marc21:controlfield tag="003">CZ BrMZK</marc21:controlfield>
  <marc21:controlfield tag="005">20090624141129.0</marc21:controlfield>
  <marc21:controlfield tag="008">000105s1604 xr fr|||||00| ||czeod</marc21:controlfield>
  <marc21:datafield tag="040" ind1=" " ind2=" ">
    <marc21:subfield code="a">BOA001</marc21:subfield>
    <marc21:subfield code="b">cze</marc21:subfield>
  </marc21:datafield>
  <marc21:datafield tag="072" ind1=" " ind2="7">
    <marc21:subfield code="a">094</marc21:subfield>
    <marc21:subfield code="x">Staré tisky</marc21:subfield>
    <marc21:subfield code="2">Konspekt</marc21:subfield>
  </marc21:datafield>
  <marc21:datafield tag="080" ind1=" " ind2=" ">
    <marc21:subfield code="a">025.171</marc21:subfield>
    <marc21:subfield code="2">MRF</marc21:subfield>
  </marc21:datafield>
  <marc21:datafield tag="130" ind1="0" ind2=" ">
    <marc21:subfield code="a">Práva a zřízení zemské markrabství Moravského.</marc21:subfield>
    <marc21:subfield code="l">Česky</marc21:subfield>
  </marc21:datafield>
  <marc21:datafield tag="245" ind1="1" ind2="0">
    <marc21:subfield code="a">Zřijzenij Zemské Margkrabstwj Morawského :</marc21:subfield>
    <marc21:subfield code="b">s powolenijm Geho milosti Cýsařské ec.a s poručenij wssech Cžtyr Panůw Stawůw, z nowu Wytisstěné</marc21:subfield>
  </marc21:datafield>
  <marc21:datafield tag="246" ind1="3" ind2="2">
    <marc21:subfield code="a">Landes Ordnung des Marggraffthumbs Mähren</marc21:subfield>
  </marc21:datafield>
  <marc21:datafield tag="260" ind1=" " ind2=" ">
    <marc21:subfield code="a">(Wytisstěno w Olomúcy :</marc21:subfield>
    <marc21:subfield code="b">v Giřijka Handle),</marc21:subfield>
    <marc21:subfield code="c">1604</marc21:subfield>
  </marc21:datafield>
  <marc21:datafield tag="300" ind1=" " ind2=" ">
    <marc21:subfield code="a">[2], CXLVII, [8] listů, [1] příl. ;</marc21:subfield>
    <marc21:subfield code="c">4°</marc21:subfield>
  </marc21:datafield>
  <marc21:datafield tag="500" ind1=" " ind2=" ">
    <marc21:subfield code="a">Proloženo listy se souběžným souča s. němec. rkp. překladem Landes Ordnung des Marggraffthumbs Mähren</marc21:subfield>
  </marc21:datafield>
  <marc21:datafield tag="510" ind1="4" ind2=" ">
    <marc21:subfield code="a">Knihopis,</marc21:subfield>
    <marc21:subfield code="c">17.478</marc21:subfield>
  </marc21:datafield>
  <marc21:datafield tag="561" ind1=" " ind2=" ">
    <marc21:subfield code="a">Provenience: Ex libris Josephi de Frobel</marc21:subfield>
  </marc21:datafield>
  <marc21:datafield tag="561" ind1=" " ind2=" ">
    <marc21:subfield code="a">Provenience: (razítko) K. K. m. s. Ackerbau Gesells</marc21:subfield>
  </marc21:datafield>
  <marc21:datafield tag="563" ind1=" " ind2=" ">
    <marc21:subfield code="a">Kožená vazba z poč. 18. stol</marc21:subfield>
  </marc21:datafield>
  <marc21:datafield tag="648" ind1=" " ind2="7">
    <marc21:subfield code="a">1601-1650</marc21:subfield>
    <marc21:subfield code="2">czenas</marc21:subfield>
  </marc21:datafield>
  <marc21:datafield tag="650" ind1="0" ind2="7">
    <marc21:subfield code="a">historické knihovní fondy</marc21:subfield>
    <marc21:subfield code="2">czenas</marc21:subfield>
  </marc21:datafield>
  <marc21:datafield tag="655" ind1=" " ind2="7">
    <marc21:subfield code="a">staré tisky</marc21:subfield>
    <marc21:subfield code="2">czenas</marc21:subfield>
  </marc21:datafield>
  <marc21:datafield tag="910" ind1=" " ind2=" ">
    <marc21:subfield code="b">ST1-0038.295</marc21:subfield>
  </marc21:datafield>
  <marc21:datafield tag="978" ind1=" " ind2=" ">
    <marc21:subfield code="a">Handl</marc21:subfield>
    <marc21:subfield code="b">Jiří</marc21:subfield>
    <marc21:subfield code="c">Olomouc</marc21:subfield>
    <marc21:subfield code="f">1604</marc21:subfield>
  </marc21:datafield>
  <marc21:datafield tag="984" ind1=" " ind2=" ">
    <marc21:subfield code="a">Olomouc</marc21:subfield>
    <marc21:subfield code="b">Česko</marc21:subfield>
  </marc21:datafield>
  <marc21:datafield tag="990" ind1=" " ind2=" ">
    <marc21:subfield code="a">000545491</marc21:subfield>
  </marc21:datafield>
  <marc21:datafield tag="CAT" ind1=" " ind2=" ">
    <marc21:subfield code="a">JELIVE</marc21:subfield>
    <marc21:subfield code="b">00</marc21:subfield>
    <marc21:subfield code="c">20020128</marc21:subfield>
    <marc21:subfield code="l">MZK01</marc21:subfield>
    <marc21:subfield code="h">1111</marc21:subfield>
  </marc21:datafield>
  <marc21:datafield tag="CAT" ind1=" " ind2=" ">
    <marc21:subfield code="c">20040716</marc21:subfield>
    <marc21:subfield code="l">MZK01</marc21:subfield>
    <marc21:subfield code="h">0535</marc21:subfield>
  </marc21:datafield>
  <marc21:datafield tag="CAT" ind1=" " ind2=" ">
    <marc21:subfield code="c">20040726</marc21:subfield>
    <marc21:subfield code="l">MZK01</marc21:subfield>
    <marc21:subfield code="h">2324</marc21:subfield>
  </marc21:datafield>
  <marc21:datafield tag="CAT" ind1=" " ind2=" ">
    <marc21:subfield code="c">20040803</marc21:subfield>
    <marc21:subfield code="l">MZK01</marc21:subfield>
    <marc21:subfield code="h">2309</marc21:subfield>
  </marc21:datafield>
  <marc21:datafield tag="CAT" ind1=" " ind2=" ">
    <marc21:subfield code="c">20040819</marc21:subfield>
    <marc21:subfield code="l">MZK01</marc21:subfield>
    <marc21:subfield code="h">2102</marc21:subfield>
  </marc21:datafield>
  <marc21:datafield tag="CAT" ind1=" " ind2=" ">
    <marc21:subfield code="c">20040819</marc21:subfield>
    <marc21:subfield code="l">MZK01</marc21:subfield>
    <marc21:subfield code="h">2102</marc21:subfield>
  </marc21:datafield>
  <marc21:datafield tag="CAT" ind1=" " ind2=" ">
    <marc21:subfield code="a">MACHJI</marc21:subfield>
    <marc21:subfield code="b">20</marc21:subfield>
    <marc21:subfield code="c">20040909</marc21:subfield>
    <marc21:subfield code="l">MZK01</marc21:subfield>
    <marc21:subfield code="h">1353</marc21:subfield>
  </marc21:datafield>
  <marc21:datafield tag="CAT" ind1=" " ind2=" ">
    <marc21:subfield code="a">MACHJI</marc21:subfield>
    <marc21:subfield code="b">20</marc21:subfield>
    <marc21:subfield code="c">20040909</marc21:subfield>
    <marc21:subfield code="l">MZK01</marc21:subfield>
    <marc21:subfield code="h">1353</marc21:subfield>
  </marc21:datafield>
  <marc21:datafield tag="CAT" ind1=" " ind2=" ">
    <marc21:subfield code="c">20041017</marc21:subfield>
    <marc21:subfield code="l">MZK03</marc21:subfield>
    <marc21:subfield code="h">1138</marc21:subfield>
  </marc21:datafield>
  <marc21:datafield tag="CAT" ind1=" " ind2=" ">
    <marc21:subfield code="a">PAVEJI</marc21:subfield>
    <marc21:subfield code="b">00</marc21:subfield>
    <marc21:subfield code="c">20050526</marc21:subfield>
    <marc21:subfield code="l">MZK03</marc21:subfield>
    <marc21:subfield code="h">1007</marc21:subfield>
  </marc21:datafield>
  <marc21:datafield tag="CAT" ind1=" " ind2=" ">
    <marc21:subfield code="c">20050803</marc21:subfield>
    <marc21:subfield code="l">MZK03</marc21:subfield>
    <marc21:subfield code="h">2204</marc21:subfield>
  </marc21:datafield>
  <marc21:datafield tag="CAT" ind1=" " ind2=" ">
    <marc21:subfield code="c">20051013</marc21:subfield>
    <marc21:subfield code="l">MZK03</marc21:subfield>
    <marc21:subfield code="h">2206</marc21:subfield>
  </marc21:datafield>
  <marc21:datafield tag="CAT" ind1=" " ind2=" ">
    <marc21:subfield code="c">20051013</marc21:subfield>
    <marc21:subfield code="l">MZK03</marc21:subfield>
    <marc21:subfield code="h">2214</marc21:subfield>
  </marc21:datafield>
  <marc21:datafield tag="CAT" ind1=" " ind2=" ">
    <marc21:subfield code="c">20051013</marc21:subfield>
    <marc21:subfield code="l">MZK03</marc21:subfield>
    <marc21:subfield code="h">2224</marc21:subfield>
  </marc21:datafield>
  <marc21:datafield tag="CAT" ind1=" " ind2=" ">
    <marc21:subfield code="c">20060329</marc21:subfield>
    <marc21:subfield code="l">MZK03</marc21:subfield>
    <marc21:subfield code="h">1619</marc21:subfield>
  </marc21:datafield>
  <marc21:datafield tag="CAT" ind1=" " ind2=" ">
    <marc21:subfield code="c">20060329</marc21:subfield>
    <marc21:subfield code="l">MZK03</marc21:subfield>
    <marc21:subfield code="h">1629</marc21:subfield>
  </marc21:datafield>
  <marc21:datafield tag="CAT" ind1=" " ind2=" ">
    <marc21:subfield code="c">20080327</marc21:subfield>
    <marc21:subfield code="l">MZK03</marc21:subfield>
    <marc21:subfield code="h">1615</marc21:subfield>
  </marc21:datafield>
  <marc21:datafield tag="CAT" ind1=" " ind2=" ">
    <marc21:subfield code="c">20080328</marc21:subfield>
    <marc21:subfield code="l">MZK03</marc21:subfield>
    <marc21:subfield code="h">1615</marc21:subfield>
  </marc21:datafield>
  <marc21:datafield tag="CAT" ind1=" " ind2=" ">
    <marc21:subfield code="c">20080417</marc21:subfield>
    <marc21:subfield code="l">MZK03</marc21:subfield>
    <marc21:subfield code="h">1602</marc21:subfield>
  </marc21:datafield>
  <marc21:datafield tag="CAT" ind1=" " ind2=" ">
    <marc21:subfield code="c">20080417</marc21:subfield>
    <marc21:subfield code="l">MZK03</marc21:subfield>
    <marc21:subfield code="h">2311</marc21:subfield>
  </marc21:datafield>
  <marc21:datafield tag="CAT" ind1=" " ind2=" ">
    <marc21:subfield code="c">20080516</marc21:subfield>
    <marc21:subfield code="l">MZK03</marc21:subfield>
    <marc21:subfield code="h">1616</marc21:subfield>
  </marc21:datafield>
  <marc21:datafield tag="CAT" ind1=" " ind2=" ">
    <marc21:subfield code="a">BARPRE</marc21:subfield>
    <marc21:subfield code="b">50</marc21:subfield>
    <marc21:subfield code="c">20090624</marc21:subfield>
    <marc21:subfield code="l">MZK03</marc21:subfield>
    <marc21:subfield code="h">1411</marc21:subfield>
  </marc21:datafield>
  <marc21:datafield tag="CAT" ind1=" " ind2=" ">
    <marc21:subfield code="a">BATCH</marc21:subfield>
    <marc21:subfield code="b">00</marc21:subfield>
    <marc21:subfield code="c">20100210</marc21:subfield>
    <marc21:subfield code="l">MZK03</marc21:subfield>
    <marc21:subfield code="h">1438</marc21:subfield>
  </marc21:datafield>
  <marc21:datafield tag="KAT" ind1=" " ind2=" ">
    <marc21:subfield code="a">Vo</marc21:subfield>
  </marc21:datafield>
  <marc21:datafield tag="MNS" ind1=" " ind2=" ">
    <marc21:subfield code="a">20080515</marc21:subfield>
  </marc21:datafield>
  <marc21:datafield tag="PRU" ind1=" " ind2=" ">
    <marc21:subfield code="a">RetroR 001220 Vo</marc21:subfield>
  </marc21:datafield>
  <marc21:datafield tag="SGG" ind1=" " ind2=" ">
    <marc21:subfield code="a">0038.295</marc21:subfield>
  </marc21:datafield>
  <marc21:datafield tag="SKC" ind1=" " ind2=" ">
    <marc21:subfield code="a">20061231</marc21:subfield>
  </marc21:datafield>
</marc21:record>
